@inproceedings{whiteson2006sample,
  title={Sample-efficient evolutionary function approximation for reinforcement learning},
  author={Whiteson, Shimon and Stone, Peter},
  booktitle={PROCEEDINGS OF THE NATIONAL CONFERENCE ON ARTIFICIAL INTELLIGENCE},
  volume={21},
  number={1},
  pages={518},
  year={2006},
  organization={Menlo Park, CA; Cambridge, MA; London; AAAI Press; MIT Press; 1999}
}